@online{afonso2018angular,
	title        = {O que é Angular?},
	author       = {Afonso, Alexandre},
	year         = 2018,
	month        = 6,
	url          = {https://blog.algaworks.com/o-que-e-angular/}
}
@article{Arruda2011Buscapé,
	title        = {BuscaPé: do empreendedorismo à inovação aberta},
	author       = {C. Arruda, A. Rossi and E. Penido},
	year         = 2011,
	journal      = {Fundação Dom Cabral},
	pages        = {9+},
	url          = {http://acervo.ci.fdc.org.br/acervodigital/casos/casos%202010/cf1005.pdf}
}
@online{calado2019angular,
	title        = {Angular: Uma visão geral sobre o framework},
	author       = {Calado, Ricardo},
	year         = 2019,
	month        = 10,
	url          = {https://blog.geekhunter.com.br/um-overview-sobre-o-framework-angular/}
}
@online{EmídiaFelipe2017BUSCAPÉ,
	title        = {Buscapé: como está uma das mais importantes startups do Brasil quase 20 anos depois},
	author       = {Emídia, Felipe},
	year         = 2017,
	month        = 4,
	url          = {https://www.projetodraft.com/buscape-como-esta-uma-das-mais-importantes-startups-do-brasil-quase-20-anos-depois/}
}
@article{grewal1998effects,
	title        = {The effects of price-comparison advertising on buyers’ perceptions of acquisition value, transaction value, and behavioral intentions},
	author       = {Grewal, Dhruv and Monroe, Kent B and Krishnan, Ramayya},
	year         = 1998,
	journal      = {Journal of marketing},
	publisher    = {SAGE Publications Sage CA: Los Angeles, CA},
	volume       = 62,
	number       = 2,
	pages        = {46--59},
	url          = {https://journals.sagepub.com/doi/abs/10.1177/002224299806200204}
}
@online{Heloísa2017Startups,
	title        = {Startups de Sucesso},
	author       = {Mendonça, Heloísa},
	year         = 2017,
	month        = 12,
	url          = {https://brasil.elpais.com/brasil/2017/12/13/economia/1513190491_230094.html}
}
@online{Jakub2019TypeScript,
	title        = {TypeScript},
	author       = {Jakubowicz, Jakub},
	year         = 2019,
	month        = 1,
	url          = {https://codesthq.com/typescript-what-is-it-and-what-is-it-about/}
}
@online{kamil2020nestjs,
	title        = {NestJS},
	author       = {Myśliwiec, Kamil},
	year         = 2020,
	month        = 3,
	url          = {https://nestjs.com}
}
@online{microsoft2020VSCode,
	title        = {Visual Studio Code},
	author       = {Microsoft},
	year         = 2020,
	month        = 3,
	url          = {https://code.visualstudio.com/docs/editor/whyvscode}
}
@online{pires2017rest,
	title        = {O que é API? REST e RESTful? Conheça as definições e diferenças!},
	author       = {Pires, Jackson},
	year         = 2017,
	month        = 6,
	url          = {https://becode.com.br/o-que-e-api-rest-e-restful/}
}
@online{smartbear2020Swagger,
	title        = {Swagger},
	author       = {SmartBear Software},
	year         = 2020,
	month        = 1,
	url          = {https://swagger.io/docs/specification/2-0/what-is-swagger/}
}
@online{souza2017pwa,
	title        = {O que é PWA (Progressive Web App) e porque isso pode aumentar seus resultados mobile},
	author       = {de Souza, Antonio Anderson},
	year         = 2017,
	month        = 8,
	url          = {https://vizir.com.br/2017/08/o-que-e-pwa-progressive-web-app-porque-isso-pode-aumentar-seus-resultados-mobile/}
}
@online{typefox2020Gitpod,
	title        = {Gitpod},
	author       = {TypeFox},
	year         = 2020,
	month        = 2,
	url          = {https://www.gitpod.io/docs/}
}
